<?xml version="1.0" encoding="UTF-8"?><record xmlns="http://www.loc.gov/MARC21/slim" xmlns:cinclude="http://apache.org/cocoon/include/1.0" xmlns:zs="http://www.loc.gov/zing/srw/">
  <leader>00351nz  a2200121n  4500</leader>
  <controlfield tag="001">n 2012043428</controlfield>
  <controlfield tag="003">DLC</controlfield>
  <controlfield tag="005">20120706074720.0</controlfield>
  <controlfield tag="008">120705n| azannaabn           n aaa      </controlfield>
  <datafield tag="010" ind1=" " ind2=" ">
    <subfield code="a">n 2012043428</subfield>
  </datafield>
  <datafield tag="040" ind1=" " ind2=" ">
    <subfield code="a">DLC</subfield>
    <subfield code="b">eng</subfield>
    <subfield code="c">DLC</subfield>
    <subfield code="e">rda</subfield>
  </datafield>
  <datafield tag="100" ind1="1" ind2=" ">
    <subfield code="a">Buvia, Mary</subfield>
  </datafield>
  <datafield tag="670" ind1=" " ind2=" ">
    <subfield code="a">Santa's loading dock quilt, 2012:</subfield>
    <subfield code="b">CIP t.p. (Mary Buvia) galley (lives in Greenwood, Indiana)</subfield>
  </datafield>
</record>